% insert bibtex citations below

% the citations below are examples for the text provbided in the chapter files - put your citations below the line
@article{brotzge2013tornado,
  title={Tornado probability of detection and lead time as a function of convective mode and environmental parameters},
  author={Brotzge, Jerald A and Nelson, Steven E and Thompson, Richard L and Smith, Bryan T},
  journal={Weather and forecasting},
  volume={28},
  number={5},
  pages={1261--1276},
  year={2013},
  publisher={American Meteorological Society}
}

@article{nowotarski2013classifying,
  title={Classifying proximity soundings with self-organizing maps toward improving supercell and tornado forecasting},
  author={Nowotarski, Christopher J and Jensen, Anders A},
  journal={Weather and forecasting},
  volume={28},
  number={3},
  pages={783--801},
  year={2013},
  publisher={American Meteorological Society}
}

@article{parker2014composite,
  title={Composite VORTEX2 supercell environments from near-storm soundings},
  author={Parker, Matthew D},
  journal={Monthly Weather Review},
  volume={142},
  number={2},
  pages={508--529},
  year={2014},
  publisher={American Meteorological Society}
}

@article{coffer2020near,
  title={Near-ground wind profiles of tornadic and nontornadic environments in the United States and Europe from ERA5 reanalyses},
  author={Coffer, Brice E and Taszarek, Mateusz and Parker, Matthew D},
  journal={Weather and Forecasting},
  volume={35},
  number={6},
  pages={2621--2638},
  year={2020}
}

@article{coniglio2020insights,
  title={Insights into supercells and their environments from three decades of targeted radiosonde observations},
  author={Coniglio, Michael C and Parker, Matthew D},
  journal={Monthly Weather Review},
  volume={148},
  number={12},
  pages={4893--4915},
  year={2020}
}

@article{brooks2018long,
  title={Long-term performance metrics for National Weather Service tornado warnings},
  author={Brooks, Harold E and Correia Jr, James},
  journal={Weather and Forecasting},
  volume={33},
  number={6},
  pages={1501--1511},
  year={2018}
}

@article{browning1962sup,
  title={Cellular Structure of Convective Storms},
  author={Browning, K A},
  journal={The Meteorological Magazine},
  volume={91},
  number={1085},
  pages={341--350},
  year={1962}
}

@article{browning1964airflow,
  title={Airflow and precipitation trajectories within severe local storms which travel to the right of the winds},
  author={Browning, Keith A},
  journal={Journal of Atmospheric Sciences},
  volume={21},
  number={6},
  pages={634--639},
  year={1964}
}

@article{lemon1979severe,
  title={Severe thunderstorm evolution and mesocyclone structure as related to tornadogenesis},
  author={Lemon, Leslie R and Doswell III, Charles A},
  journal={Monthly Weather Review},
  volume={107},
  number={9},
  pages={1184--1197},
  year={1979}
}

@article{waugh2021u,
  title={The “U-tube”: An improved aspirated temperature system for mobile meteorological observations, especially in severe weather},
  author={Waugh, Sean M},
  journal={Journal of Atmospheric and Oceanic Technology},
  volume={38},
  number={9},
  pages={1477--1489},
  year={2021}
}

@article{peters2023disentangling,
  title={Disentangling the influences of storm-relative flow and horizontal streamwise vorticity on low-level mesocyclones in supercells},
  author={Peters, John M and Coffer, Brice E and Parker, Matthew D and Nowotarski, Christopher J and Mulholland, Jake P and Nixon, Cameron J and Allen, John T},
  journal={Journal of the Atmospheric Sciences},
  volume={80},
  number={1},
  pages={129--149},
  year={2023}
}

@misc{WINDCAP, url={https://docs.vaisala.com/v/u/B210917EN-M/en-US}, journal={WINDCAP Ultrasonic Wind Sensor WMT700 Series Datasheet B210917EN-M}, publisher={Vaisala}, year={2022}}
%%%%%%%%%%%%%%%%%%%%%%%%%%%%%%%%%%%%%%%%%%%%%%%%%%%%%%%%%%%%%%%%%%%%%%%%%%%%%%%%%%%%%%%%%%%%%%
